@article{nanoMR,
    author =       {Sh. Barzanjeh D. Vitali P. Tombesi G.J. Milburn},
    title =        "Entangling optical and microwave cavity modes by means of a nanomechanical resonator",
    journal =      "Annalen der Physik",
    volume =       "322",
    number =       "10",
    pages =        "891--921",
    year =         "1905",
    DOI =          "http://dx.doi.org/10.1002/andp.19053221004",
    keywords =     "physics"
}

@article{nanoCrystal,
    author =       {J. Bochmann A. Vainsencher D. Awschalom A. Cleland},
    title =        "Nanomechanical coupling between microwave and optical photons",
    journal =      "Nature Physics",
    volume =       "9",
    pages =        "712--716",
    year =         "2013",
    DOI =          "10.1038/NPHYS2748",
    keywords =     "physics"
}

@article{qig,
    author =       {S. Tan B. Erkmen V. Giovannetti S. Guha S. Lloyd L. Maccone S. Pirandola J. Shapiro},
    title =        "Quantum Illumination with Gaussian State",
    journal =      "Physical Review Letters",
    volume =       "101",
	number =	   "253601",
    year =         "2008",
    DOI =          "http://dx.doi.org/10.1103/PhysRevLett.101.253601",
}

@article{qi,
    author =       {Sh. Barzanjeh S. Guha C. Weedbrook D. Vitali J. Shapiro S. Pirandola},
    title =        "Microwave quantum illumination",
    journal =      "Physical Review Letters",
    volume =       "114",
    year =         "2015",
    DOI =          "http://dx.doi.org/10.1002/andp.19053221004",
    keywords =     "physics"
}
 
@book{dirac,
    title={The Principles of Quantum Mechanics},
    author={Paul Adrien Maurice Dirac},
    isbn={9780198520115},
    series={International series of monographs on physics},
    year={1981},
    publisher={Clarendon Press},
    keywords = {physics}
}
 
@online{ipimi,
    title     = "Integrated Photonics Institute for Manufacturing Innovation",
    url       = "http://manufacturing.gov/ip-imi.html",
}
